@article{AgrellEtAl,
  author={Agrell, E. and Eriksson, T. and Vardy, A. and Zeger, K.},
  journal={Information Theory, IEEE Transactions on},
  title={Closest point search in lattices},
  year={2002},
  month={Aug},
  volume={48},
  number={8},
  pages={2201-2214},
  doi={10.1109/TIT.2002.800499},
  ISSN={0018-9448}
}

@InProceedings{Dutertre:cav2014,
  author = 	 {Dutertre, Bruno},
  title = 	 {Yices 2.2},
  booktitle = {Computer-Aided Verification (CAV'2014)},
  editor =       {Biere, Armin and Bloem, Roderick},
  year = 	 2014,
  volume =       8559,
  series =       {Lecture Notes in Computer Science},
  pages =        {737--744},
  month = 	 {July},
  publisher =    {Springer}}

@book{jpeg,
  title = {{JPEG}: Still Image Data Compression Standard},
  author = {William Pennebaker and Joan Mitchell},
  publisher = {Springer},
  year = {1993},
}


@inproceedings{DBLP:conf/cav/BarrettCDHJKRT11,
  author    = {Clark Barrett and
               Christopher L. Conway and
               Morgan Deters and
               Liana Hadarean and
               Dejan Jovanovic and
               Tim King and
               Andrew Reynolds and
               Cesare Tinelli},
  title     = {{CVC4}},
  booktitle = {CAV 2011},
  year      = {2011},
  publisher = {Springer},
  series    = {Lecture Notes in Computer Science},
  volume    = {6639},
}

@inproceedings{DeMoura:2008:ZES:1792734.1792766,
  author = {De Moura, Leonardo and Bj{\o}rner, Nikolaj},
  title = {{Z3}: An Efficient {SMT} Solver},
  booktitle = {TACAS 2008},
  year = {2008},
  publisher = {Springer},
  series    = {Lecture Notes in Computer Science},
  volume    = {4963},
  pages = {337--340},
  pages     = {171--177},
}

@article{Schnorr-Euchner,
  year={1994},
  issn={0025-5610},
  journal={Mathematical Programming},
  volume={66},
  number={1--3},
  title={Lattice basis reduction: Improved practical algorithms and solving subset sum problems},
  publisher={Springer-Verlag},
  author={Schnorr, C.P. and Euchner, M.},
  pages={181--199},
  notes={see Algorithm ENUM},
  language={English}
}

@article{Lenstra,
  year={2008},
  journal={Algorithmic number theory},
  author={H. Lenstra Jr.},
  title={Lattices},
  pages={127â€“-181},
  publisher={MSRI Publications, Cambridge University Press},
  url={http://library.msri.org/books/Book44/contents.html}
}

@book{Boas,
  title={Another NP-complete partition problem and the complexity of computing short vectors in a lattice},
  author={P. {van} Emde-Boas},
  series={Report. Department of Mathematics},
  url={http://books.google.com/books?id=tCQiHQAACAAJ},
  year={1981},
  publisher={University of Amsterdam}
}

@article{Schnorr-hierarchy,
  author={C. P. Schnorr},
  title={A hierarchy of polynomial lattice basis reduction algorithms},
  journal={Theoretical Computer Science},
  volume={53},
  pages={201-224},
  year={1987}
}

@misc{smtlib,
  author =   {Clark Barrett and Aaron Stump and Cesare Tinelli},
  title =    {{The Satisfiability Modulo Theories Library (SMT-LIB)}},
  howpublished = {{\tt www.SMT-LIB.org}},
  year =     2010,
}

@book{Cohen,
  author = {Cohen, Henri},
  title = {A Course in Computational Algebraic Number Theory},
  year = {1993},
  isbn = {0-387-55640-0},
  publisher = {Springer-Verlag New York, Inc.},
  address = {New York, NY, USA},
}

@misc{NTL,
  author = {Victor Shoup},
  title = {NTL v6.2.1},
  year = {2014},
  url = {http://www.shoup.net/ntl}
}

@article{dyer_freize88,
  author = {M.E. Dyer and A.M. Frieze},
  title = {The complexity of computing the volume of a polyhedron},
  journal = {{SIAM} J.~Computation},
  volume = {17},
  year = {1988},
  pages = {967--974},
}

@incollection{gritzmann_klee,
  author = {Peter Gritzmann and Victor Klee},
  title = {On the complexity of some basic problems in computational convexity: II Volume and mixed volumes},
  booktitle={Polytyopes: Abstract, convex, and computational},
  year = {1994},
  publisher = {Springer},
  pages ={376--466},
}

@article{DBLP:journals/jar/JovanovicM13,
  author    = {Dejan Jovanovic and
               Leonardo de Moura},
  title     = {Cutting to the Chase -- Solving Linear Integer Arithmetic},
  journal   = {J. Autom. Reasoning},
  volume    = {51},
  number    = {1},
  pages     = {79--108},
  year      = {2013},
  url       = {http://dx.doi.org/10.1007/s10817-013-9281-x},
  doi       = {10.1007/s10817-013-9281-x},
  timestamp = {Mon, 13 May 2013 13:21:56 +0200},
  biburl    = {http://dblp.uni-trier.de/rec/bib/journals/jar/JovanovicM13},
  bibsource = {dblp computer science bibliography, http://dblp.org}
}

@misc{GLPK,
  title = {{GLPK} ({GNU} Linear Programming Kit)},
  howpublished = {Available at \url{http://www.gnu.org/software/glpk}},
}

@article{DeLoera2004,
  title = "Effective lattice point counting in rational convex polytopes ",
  journal = {Journal of Symbolic Computation},
  volume = "38",
  number = "4",
  pages = "1273--1302",
  year = "2004",
  author = "Jesus de Loera and Raymond Hemmecke and Jeremiah Tauzer and Ruriko Yoshida",
}

@inproceedings{DBLP:conf/codcry/HanrotPS11,
  author    = {Guillaume Hanrot and
               Xavier Pujol and
               Damien Stehl{\'{e}}},
  title     = {Algorithms for the Shortest and Closest Lattice Vector Problems},
  booktitle = {Coding and Cryptology - Third International Workshop, {IWCC} 2011},
  pages     = {159--190},
  year      = {2011},

  series    = {Lecture Notes in Computer Science},
  volume    = {6639},
  publisher = {Springer},
  year      = {2011},
}